[gd_scene load_steps=18 format=2]

[ext_resource path="res://src/Planet/Planet.tscn" type="PackedScene" id=1]
[ext_resource path="res://src/Player/Player.tscn" type="PackedScene" id=2]
[ext_resource path="res://src/InventoryUI/InventoryUI.tscn" type="PackedScene" id=3]
[ext_resource path="res://assets/background.svg" type="Texture" id=4]
[ext_resource path="res://src/Tutorials/TutorialContainer.tscn" type="PackedScene" id=5]
[ext_resource path="res://src/Tutorials/Alerts.tscn" type="PackedScene" id=6]
[ext_resource path="res://assets/unwritten-return-by-kevin-macleod-from-filmmusic-io.ogg" type="AudioStream" id=7]
[ext_resource path="res://src/SaveGame/SaveButton.tscn" type="PackedScene" id=8]
[ext_resource path="res://src/SaveGame/Menu.tscn" type="PackedScene" id=9]

[sub_resource type="CircleShape2D" id=1]
radius = 13.0233

[sub_resource type="CircleShape2D" id=2]
radius = 14.9266

[sub_resource type="CircleShape2D" id=3]
radius = 12.6592

[sub_resource type="CircleShape2D" id=4]
radius = 10.9926

[sub_resource type="CircleShape2D" id=5]
radius = 12.3562

[sub_resource type="CircleShape2D" id=6]
radius = 12.3089

[sub_resource type="CircleShape2D" id=7]
radius = 12.7362

[sub_resource type="CircleShape2D" id=8]
radius = 11.4067

[node name="Main" type="Node2D" groups=[
"root",
]]

[node name="AudioStreamPlayer" type="AudioStreamPlayer" parent="."]
stream = ExtResource( 7 )
autoplay = true

[node name="HUD" type="CanvasLayer" parent="." groups=[
"gui",
]]

[node name="InventoryUI" parent="HUD" instance=ExtResource( 3 )]

[node name="TutorialContainer" parent="HUD" instance=ExtResource( 5 )]
mouse_filter = 2

[node name="Mute" parent="HUD/TutorialContainer" index="0"]
margin_top = 104.0
margin_bottom = 124.0

[node name="TutorialContainer" parent="HUD/TutorialContainer" index="1"]
margin_top = 103.88
margin_bottom = 123.88

[node name="Alerts" parent="HUD" instance=ExtResource( 6 )]
visible = false

[node name="Save" parent="HUD" instance=ExtResource( 8 )]
margin_top = 288.0
margin_bottom = 308.0

[node name="Menu" parent="HUD" instance=ExtResource( 9 )]

[node name="Bridges" type="Node2D" parent="."]

[node name="Player" parent="." instance=ExtResource( 2 )]
position = Vector2( 504, 160 )
Speed = 600.0

[node name="PlayerCamera" type="Camera2D" parent="Player"]
rotating = true
current = true
zoom = Vector2( 0.6, 0.6 )

[node name="Background" type="Sprite" parent="Player"]
z_index = -6
texture = ExtResource( 4 )

[node name="Earth" parent="." instance=ExtResource( 1 )]
position = Vector2( 504, 280 )
scale = Vector2( 7.2, 7.2 )
PlanetName = "Earth"
AvailableOres = {
"Iron": 40
}

[node name="Ueter" parent="." instance=ExtResource( 1 )]
position = Vector2( 1784, -2552 )
scale = Vector2( 17.2, 17.2 )
PlanetName = "Ueter"
AvailableOres = {
"Gold": 10,
"Iron": 50
}

[node name="CollisionShape2D" parent="Ueter/TetherRing" index="0"]
shape = SubResource( 1 )

[node name="Sagirilia" parent="." instance=ExtResource( 1 )]
position = Vector2( 2304, 3608 )
scale = Vector2( 13.3989, 13.3989 )
PlanetName = "Sagirilia"
AvailableOres = {
"Iron": 60
}

[node name="CollisionShape2D" parent="Sagirilia/TetherRing" index="0"]
shape = SubResource( 2 )

[node name="Planet" parent="." instance=ExtResource( 1 )]
position = Vector2( 10592, -3792 )
scale = Vector2( 28.4659, 28.4659 )
PlanetName = "Gocronerth"
AvailableOres = {
"Gold": 25,
"Iron": 100
}

[node name="CollisionShape2D" parent="Planet/TetherRing" index="0"]
shape = SubResource( 3 )

[node name="Planet2" parent="." instance=ExtResource( 1 )]
position = Vector2( -14312, 72.0002 )
scale = Vector2( 89.5263, 89.5263 )
PlanetName = "Xugruanides"
AvailableOres = {
"Gold": 50,
"Iron": 200
}

[node name="CollisionShape2D" parent="Planet2/TetherRing" index="0"]
shape = SubResource( 4 )

[node name="Planet3" parent="." instance=ExtResource( 1 )]
position = Vector2( -2792, -4496 )
scale = Vector2( 33.02, 33.02 )
PlanetName = "Degnyke"
AvailableOres = {
"Gold": 5,
"Iron": 40
}

[node name="CollisionShape2D" parent="Planet3/TetherRing" index="0"]
shape = SubResource( 5 )

[node name="Planet4" parent="." instance=ExtResource( 1 )]
position = Vector2( 6400, -1208 )
scale = Vector2( 28.6047, 28.6047 )
PlanetName = "Tomion"
AvailableOres = {
"Iron": 20
}

[node name="CollisionShape2D" parent="Planet4/TetherRing" index="0"]
shape = SubResource( 6 )

[node name="Planet5" parent="." instance=ExtResource( 1 )]
position = Vector2( -7592, -2760 )
scale = Vector2( 30.1502, 30.1502 )
PlanetName = "Miogawa"
AvailableOres = {
"Gold": 15,
"Iron": 90
}

[node name="CollisionShape2D" parent="Planet5/TetherRing" index="0"]
shape = SubResource( 7 )

[node name="Planet6" parent="." instance=ExtResource( 1 )]
position = Vector2( 5776, 6760 )
scale = Vector2( 63.1556, 63.1556 )
PlanetName = "Tridoruta"
AvailableOres = {
"Iron": 50
}

[node name="CollisionShape2D" parent="Planet6/TetherRing" index="0"]
shape = SubResource( 8 )

[editable path="HUD/TutorialContainer"]

[editable path="Player"]

[editable path="Ueter"]

[editable path="Sagirilia"]

[editable path="Planet"]

[editable path="Planet2"]

[editable path="Planet3"]

[editable path="Planet4"]

[editable path="Planet5"]

[editable path="Planet6"]
